@inproceedings{martone2010utilizing,
	title={Utilizing Recursive Storage in Sparse Matrix-Vector Multiplication-Preliminary Considerations.},
	author={Martone, Michele and Filippone, Salvatore and Tucci, Salvatore and Paprzycki, Marcin and Ganzha, Maria},
	booktitle={CATA},
	pages={300--305},
	year={2010}
}